% Place all the references here 
% \cite{hoffmann:ijcai-01,ijcai01} use this to cite in text 
@InProceedings{hoffmann:ijcai-01,
  crossref = "ijcai01",
  author = {J{\"o}rg Hoffmann},
  title = {Local Search Topology in Planning Benchmarks: An Empirical Analysis},
  pages = {453-458}
}

@Proceedings{ijcai01,
  Key = "IJCAI-01",
  title = 	"Proceedings of the 17th International Joint Conference on
                   Artificial Intelligence (IJCAI-01)",
  booktitle = 	"Proceedings of the 17th International Joint Conference on
                   Artificial Intelligence (IJCAI-01)",
  year = 	2001,
  OPTeditor = 	"B. Nebel",
  address = 	"Seattle, Washington, USA",
  month = 	Aug
}

@inproceedings{difficulty-rating,
author = {Jarusek, Petr and Pelánek, Radek},
year = {2010},
month = {01},
pages = {140-150},
title = {Difficulty Rating of Sokoban Puzzle.},
volume = {222},
journal = {Frontiers in Artificial Intelligence and Applications},
doi = {10.3233/978-1-60750-675-1-140}
}
 
% @misc{sokoban wiki rss, 
title={Main Page}, url={http://www.sokobano.de/wiki/index.php?title=Main_Page}, journal={Sokoban Wiki RSS}} 
 
% @misc{llc, title={Play and Build Classic and Modern Sokoban Puzzles!}, url={https://www.sokobanonline.com/}, journal={Sokoban Online}, author={LLC, Uphill Studio}} 
  
  @inbook{haslum_2019, place={S.l.}, title={More expressive Classical Planning}, booktitle={An Introduction to the Planning Domain Definition Language}, publisher={Morgan et Claypool Publishers}, author={Haslum, Patrick}, year={2019}, pages={63–69}} 